<?xml version='1.0' encoding='utf-8'?>
<record xmlns="http://www.loc.gov/MARC21/slim" xmlns:xsi="http://www.w3.org/2001/XMLSchema-instance" xsi:schemaLocation="http://www.loc.gov/MARC21/slim http://www.loc.gov/standards/marcxml/schema/MARC21slim.xsd">
  <leader>00000njdaa22      a 4500</leader>
  <controlfield tag="005">20060410165450.0</controlfield>
  <controlfield tag="007">sd|fungnnmmneu</controlfield>
  <controlfield tag="008">050715i19uu19uumiunnn              eng d</controlfield>
  <datafield tag="035" ind1=" " ind2=" ">
    <subfield code="a">(OCoLC)702905143</subfield>
  </datafield>
  <datafield tag="040" ind1=" " ind2=" ">
    <subfield code="a">MiU-H</subfield>
    <subfield code="c">MiU-H</subfield>
    <subfield code="e">appm</subfield>
  </datafield>
  <datafield tag="100" ind1="1" ind2=" ">
    <subfield code="a">Johnson, Lemuel A.</subfield>
  </datafield>
  <datafield tag="245" ind1="0" ind2="0">
    <subfield code="a">Lemuel A. Johnson sound recording series,</subfield>
    <subfield code="f">19--</subfield>
  </datafield>
  <datafield tag="300" ind1=" " ind2=" ">
    <subfield code="a">2 sound discs :</subfield>
    <subfield code="b">33 1/3 rpm.</subfield>
  </datafield>
  <datafield tag="545" ind1="0" ind2=" ">
    <subfield code="a">A Sierra Leonian, Johnson was a poet, literary critic, and professor. He was born in Maiduguri, Nigeria on December 15, 1941. He was educated at Oberlin College and Penn State University. In 1969 he received his Ph.D. in Comparative Literature from the University of Michigan. He taught English at Forah Bay College of the University of Sierra Leone from 1970-1974. In 1974 he returned to the University of Michigan as an associate professor in the Dept. of English Language and Literature. He was promoted to full professor in 1980. Johnson authored a three volume work of poetry entitled the Sierra Leone Trilogy (1995). The individual titles are High Life for Caliban (1974), Hand on the Naval (1978), and Carnival of the Old Coast (1984). An expert in African literature and the African Diaspora, Johnson also published several works of literary criticism including The Devil, the Gargoyle, and the Buffoon: Western Literature and the Idea of Blackness in Human Form (1970) and Shakespeare in Africa (and Other Venues): Import and the Appropriation of Culture (1998). Johnson died on March 12, 2002.</subfield>
  </datafield>
  <datafield tag="520" ind1="2" ind2=" ">
    <subfield code="a">Sound recordings discussing African literature and the book of Corporal Bundu.</subfield>
  </datafield>
  <datafield tag="555" ind1="0" ind2=" ">
    <subfield code="a">Finding aid in the library.</subfield>
  </datafield>
  <datafield tag="500" ind1=" " ind2=" ">
    <subfield code="a">Donor: 9578</subfield>
  </datafield>
  <datafield tag="555" ind1="0" ind2=" ">
    <subfield code="a">Finding aid available via World Wide Web at URL: http://quod.lib.umich.edu/cgi/f/findaid/findaid-idx?c=bhlead&amp;idno=umich-bhl-0574</subfield>
  </datafield>
  <datafield tag="600" ind1="1" ind2="0">
    <subfield code="a">Johnson, Lemuel A.</subfield>
  </datafield>
  <datafield tag="650" ind1=" " ind2="0">
    <subfield code="a">African poetry.</subfield>
  </datafield>
  <datafield tag="650" ind1=" " ind2="0">
    <subfield code="a">African literature.</subfield>
  </datafield>
  <datafield tag="655" ind1=" " ind2="7">
    <subfield code="a">Sound recordings.</subfield>
    <subfield code="2">aat</subfield>
  </datafield>
  <datafield tag="852" ind1=" " ind2=" ">
    <subfield code="b">Bentley Historical Library,</subfield>
    <subfield code="a">University of Michigan,</subfield>
    <subfield code="e">Ann Arbor, Michigan 48109-2113</subfield>
  </datafield>
  <datafield tag="856" ind1="4" ind2="2">
    <subfield code="3">Finding aid:</subfield>
    <subfield code="u">http://quod.lib.umich.edu/cgi/f/findaid/findaid-idx?c=bhlead&amp;idno=umich-bhl-0574</subfield>
  </datafield>
  <datafield tag="997" ind1=" " ind2=" ">
    <subfield code="a">MARS</subfield>
  </datafield>
  <datafield tag="998" ind1=" " ind2=" ">
    <subfield code="c">MMM</subfield>
  </datafield>
</record>
